<?xml version="1.0" encoding="UTF-8"?><collection xmlns="http://www.loc.gov/MARC21/slim"><record><leader>00403nam--2200133-i-4500</leader><controlfield tag="001">000010538</controlfield><controlfield tag="002">20161230</controlfield><controlfield tag="005">20161230201028</controlfield><controlfield tag="008">060222s1000------------r-----000-0-eng-d</controlfield><datafield ind1=" " ind2=" " tag="080"><subfield code="a">015:538.3</subfield></datafield><datafield ind1=" " ind2=" " tag="100"><subfield code="a">Bolomey, Jean-charles, Wirgin, Armand</subfield></datafield><datafield ind1=" " ind2=" " tag="245"><subfield code="a">Sur le comportament du champ electromagnetique aux aretes. these. extrait</subfield></datafield><datafield ind1=" " ind2=" " tag="260"><subfield code="a">Orsay, La Faculte Des Science, 1971. 97-112 P</subfield></datafield><datafield ind1=" " ind2=" " tag="852"><subfield code="a">38128</subfield></datafield></record></collection>